% Encoding: UTF-8


@misc{Bodentextur,
	AUTHOR       = "{Forceiling}",
	TITLE        = "World Space Grid",
	HOWPUBLISHED = "Webseite",
	NOTE         = "\url{https://assetstore.unity.com/packages/tools/forceling-world-space-grid-113963} 
	abgerufen am 20. Dezember 2018."
}

@misc{Forum,
	AUTHOR       = "{Unity Forum}",
	TITLE        = "Unity Forum",
	HOWPUBLISHED = "Webseite",
	NOTE         = "\url{https://forum.unity.com/} 
	abgerufen am 20. Dezember 2018."
}

@misc{Dokumentation,
	AUTHOR       = "{Unity Dokumentation}",
	TITLE        = "Unity Dokumentation",
	HOWPUBLISHED = "Webseite",
	NOTE         = "\url{https://docs.unity3d.com/Manual/index.html} 
	abgerufen am 20. Dezember 2018."
}