% Encoding: UTF-8


@misc{angularDoku,
	Title                    = {Angular Dokumentation - Letzter Aufruf: 15.02.2018},
	author				={Google, Inc},
	Note                  	 = {\url{https://angular.io/docs/ts/latest/}},
}


@misc{ionic01,
	Title                    = {Ionic Tutorial - Letzter Aufruf: 15.02.2018},
	author					={Bengt Weiße},
	Note                     = {\url{https://angularjs.de/artikel/ionic2-tutorial-deutsch}},
}

@misc{ionicDoku,
	Title                    = {Ionic Dokumentation - Letzter Aufruf: 15.02.2018},
	 author 					={Ionic},
	Note                     = {\url{https://ionicframework.com/docs/v2/}},
}

@misc{cordovaDoku,
	Title                    = {Cordova Dokumentation - Letzter Aufruf: 15.02.2018},
	author				={The Apache Software Foundation},
	Note                     = {\url{https://cordova.apache.org/docs/en/latest/guide/overview/}},
}

@misc{bGeolocation,
	Title                    = {IonicBackground-Geolocation Plugin Dokumentation - Letzter Aufruf: 15.02.2018},
	 author 					={Ionic},
	Note                     = {\url{https://ionicframework.com/docs/native/background-geolocation/}},
	year={2017},
	Owner                    = {Johannes},
	Timestamp                = {2017.11.20}
}
@misc{Geolocation,
	Title                    = {Ionic Geolocation Plugin Dokumentation - Letzter Aufruf: 15.02.2018},
	 author 					={Ionic},
	Note                     = {\url{https://ionicframework.com/docs/native/geolocation/}},
}

@manual{hifiproto,
	Title                    = {GisboMobile - ein cross-platform Prototyp mit Ionic-Framework, Studienprojekt, Hochschule Kaiserslautern},
	author					 = {Schmitt{} AND Sandoz{} AND {}L\^{e}},
	Timestamp                = {2017.07.26},
	year					 = {2017}
}

@misc{ToastPluginDoku,
  Title 					 = {Toast Plugin Dokumentation - Letzter Aufruf: 15.02.2018},
   author 					={Ionic},
  Note						 = {\url{https://ionicframework.com/docs/native/toast/}},  
}

@misc{NativeStoragePluginDoku,
  Title 					 = {NativeStorage Plugin Dokumentation - Letzter Aufruf: 15.02.2018},
   author 					={Ionic},
  Note						 = {\url{https://ionicframework.com/docs/native/native-storage/}}, 
  Owner 					 = {Manh Hoang Le},
}
@misc{BackgroundModePluginDoku,
  Title 					 = {BackgroundMode Plugin Dokumentation - Letzter Aufruf: 15.02.2018},
   author 					={Ionic},
  Note						 = {\url{https://ionicframework.com/docs/native/background-mode/}}, 
  Owner 					 = {Manh Hoang Le},
}
@book{AngularDasHandbuch,
  Title 					 = {Angular Das umfassende Handbuch},
  Author					 = {Christoph Höller}, 
  Owner 					 = {Manh Hoang Le},
  Year                  	 = {2017},
  Isbn						 = {978-3-8362-3914-1},
  Publisher					 = {Rheinwerk Computing}
}


@misc{PraxBerJoSc,
  Title 					 = {GisboAlarm - Entwicklung einer cross-platform App mittels Ionic-Framework, Praxisprojekt, Hochschule Kaiserslautern, Zweibrücken},
  Author					 = {Johannes Schmitt}, 
  Owner 					 = {Johannes Schmitt},
  Year                  	 = {2017},
}

@book{Abts2015,
author="Abts, Dietmar",
title="REST-basierte Web Services mit JAX-RS",
bookTitle="Masterkurs Client/Server-Programmierung mit Java: Anwendungen entwickeln mit Standard-Technologien",
year="2015",
publisher="Springer Fachmedien Wiesbaden",
address="Wiesbaden",
pages="277--330",
abstract="Wie wir im vorhergehenden Kapitel gesehen haben, sind SOAP-basierte Web Services und die im Umfeld vorhandenen Standards gut geeignet, die Implementierung von SOA zu erm{\"o}glichen. Allerdings haben die komplizierten XMLNachrichten einen recht gro{\ss}en Overhead: viele Metadaten, wenig Nutzdaten, was u. a. Analyse und Synthese solcher Nachrichten aufw{\"a}ndig macht. Zudem machen Hunderte von so genannten ``WS-*''-Standards (Spezifikationen im Kontext von Web Services mit SOAP/WSDL) einen guten {\"U}berblick fast unm{\"o}glich.",
isbn="978-3-658-09921-3",
doi="10.1007/978-3-658-09921-3_10",
url="https://doi.org/10.1007/978-3-658-09921-3_10"
}

@misc{mitlizenz,
  Title 					 = {MIT Lizenz - Letzter Aufruf: 15.02.2018},
  Note						 = {\url{https://opensource.org/licenses/MIT}}, 
  Owner 					 = {Opensource.org},
  Timestamp                  = {2018.02.02}
}

@misc{AngularHttp,
  Title 					 = {Angualr HTTPClientModule - Letzter Aufruf: 15.02.2018},
  Note						 = {\url{https://angular.io/guide/http}}, 
  Owner 					 = {Johannes},
  Timestamp                  = {2017.02.05},
  year={2018}
}

@misc{iBeaconPluginDoku,
  Title 					 = {iBeacon Plugin Dokumentation - Letzter Aufruf: 15.02.2018},
  author 					={Ionic},
  Note						 = {\url{https://ionicframework.com/docs/native/ibeacon/}}, 
  Owner 					 = {Johannes Schmitt},
  year={2017},
  Timestamp                  = {2017.11.22}
}
@Comment{jabref-meta: databaseType:bibtex;}

@misc{LocalNotificationPluginDoku,
  Title 					 = {Local Notification Plugin Dokumentation - Letzter Aufruf: 15.02.2018},
  author					= {Ionic},
  Note						 = {\url{https://ionicframework.com/docs/native/local-notifications/}}, 
  Owner 					 = {Johannes Schmitt},
  Timestamp                  = {2018.02.05}
}

@misc{GeocoderPluginDoku,
  Title 					 = {Native GeocoderPlugin Dokumentation - Letzter Aufruf: 15.02.2018},
  author 				  ={Ionic},
  Note					  = {\url{https://ionicframework.com/docs/native/native-geocoder/}}, 
  Owner 					 = {Johannes Schmitt},
  Timestamp                  = {2018.02.05}
}

@misc{GoogleMapsPluginDoku,
  Title 					 = {Google Maps Plugin Dokumentation - Letzter Aufruf: 15.02.2018},
  author 					={Ionic},
  Note						 = {\url{https://ionicframework.com/docs/native/google-maps/}}, 
  Owner 					 = {Johannes Schmitt},
  Timestamp                  = {2018.02.05}
}

@misc{TernärerOperator,
  Title 					 = {"Bedingter (ternärer) Operator (?:) (JavaScript)" - MSDN JavaScript Dokumentation - Letzter Aufruf: 15.02.2018},
  Note						 = {\url{https://msdn.microsoft.com/de-de/library/be21c7hw(v=vs.94).aspx}}, 
  Owner 					 = {Johannes Schmitt},
  Timestamp                  = {2018.02.06}
}

@misc{RoadsAPIDoc,
  Title 					 = {Google Maps Roads API Dokumentation - Letzter Aufruf: 15.02.2018},
  Note						 = {\url{https://developers.google.com/maps/documentation/roads/intro?hl=de}}, 
  Owner 					 = {Johannes Schmitt},
  Timestamp                  = {2018.02.08}
}

@inproceedings{valente2005real,
  title={Real time game loop models for single-player computer games},
  author={Valente, Luis and Conci, Aura and Feij{\'o}, Bruno}
}

@misc{angulario,
	Title 					 = {Angular Website - Letzter Aufruf: 15.02.2018},
	Note						 = {\url{https://angular.io}}, 
	Owner 					 = {Google Inc.},
	Timestamp                  = {2018.02.13}
}

@misc{tshirachie,
	Title 					 = {Quelle Abbildung \ref{img:typescript} TypeScript Sprach-Hirachie - Letzter Aufruf: 15.02.2018},
	author				= {Sven Rogge},
	Note						 = {\url{https://blog.flavia-it.de/ecmascript-6-und-TypeScript-auf-in-die-neue-javascript-generation/}}, 
	Owner 					 = {Sven Rogge},
	Timestamp                  = {2018.02.13}
}

@misc{IonicPulses,
	Title 					 = {Ionic Framework Pulse Ansicht - Letzter Aufruf: 15.02.2018},
	Note						 = {\url{https://github.com/ionic-team/ionic/pulse/monthly}}, 
	Timestamp                  = {2018.02.14},
	
}

@misc{ionicGUI,
	Title 					 = {Ionic Framework UI-Elemente - Letzter Aufruf: 15.02.2018 },
	author				={Ionic},
	Note						 = {\url{https://ionicframework.com/docs/components/#overview}}, 
	Timestamp                  = {2018.02.14},
}

@misc{iBeaconSpec,
	Title 					 = {Apple iBeacon Spezifikation - Letzter Aufruf: 15.02.2018},
	author				={Ionic},
	Note						 = {\url{https://developer.apple.com/ibeacon/}}, 
	Timestamp                  = {2018.02.14}
	
}

@misc{beaconRegion,
	Title 					 = {Beacon Region Erklärung - Letzter Aufruf: 15.02.2018},
	author				={Ionic},
	Note						 = {\url{https://community.estimote.com/hc/en-us/articles/203776266-What-is-a-beacon-region-}}, 
	Timestamp                  = {2018.02.14}
	
}

@misc{GoogleGetKey,
Title 					 = {Google Developer Konsole - Schlüsselanforderung - Letzter Aufruf: 15.02.2018},
author					={Google Inc.},
Note						 = {\url{https://developers.google.com/maps/documentation/javascript/get-api-key?hl=de}}, 
Timestamp                  = {2018.02.15}

}

@misc{GoogleDevConsole,
	Title 					 = {Google Developer Konsole - Letzter Aufruf: 15.02.2018},
	author				={Google Inc.},
	Note						 = {\url{https://console.developers.google.com/apis/dashboard}}, 
	Timestamp                  = {2018.02.15}
	
}

@misc{OSM,
	Title 					 = {Open Street Maps FAQ- Letzter Aufruf: 15.02.2018},
	author					={OpenStreetMap Foundation},
	Note						 = {\url{https://www.openstreetmap.de/faq.html#wie_daten_nutzen}}, 
	Timestamp                  = {2018.02.15}
}

@misc{OSRM,
	Title 					 = {Open Source Routing Machine - Letzter Aufruf: 15.02.2018},
    author					={Open Source Routing Machine Project},
	Note						 = {\url{http://project-osrm.org/}}, 
	Timestamp                  = {2018.02.15}
}

@misc{JSdoc,
	Title 					 = {JSdoc Spezifikation - Letzter Aufruf: 15.02.2018},
	author					={JSDoc 3 documentation Project},
	Note						 = {\url{http://usejsdoc.org}}, 
	Timestamp                  = {2018.02.15}
}


@online{TSDoc,
	author = {Microsoft Corporation},
	title = {TypeScript Dokumentation - Letzter Aufruf: 15.02.2018},
	date = {15.02.2018},
	url = {https://www.typescriptlang.org},
}

@online{MariaDBDoku,
	author = {Corporation MariaDB},
	title = {MariaDB Dokumentation - Letzter Aufruf: 15.02.2018},
	date = {15.02.2018},
	url = {https://mariadb.com/kb/en/library/documentation/},
}

@Inbook{Schatten2010,
	author="Schatten, Alexander
	and Demolsky, Markus
	and Winkler, Dietmar
	and Biffl, Stefan
	and Gostischa-Franta, Erik
	and {\"O}streicher, Thomas",
	chapter="Entwurfs-, Architektur- und Integrationsmuster",
	bookTitle="Best Practice Software-Engineering: Eine praxiserprobte Zusammenstellung von komponentenorientierten Konzepten, Methoden und Werkzeugen",
	year="2010",
	publisher="Spektrum Akademischer Verlag",
	address="Heidelberg",
	pages="229--300",
	abstract="Dieses Kapitel soll als Referenz auf bestehende L{\"o}sungsans{\"a}tze f{\"u}r die im vorherigen Kapitel beschriebenen Architekturen f{\"u}r ein kleines bis mittelgro{\ss}es Projekt dienen. Die hier beschriebene Einf{\"u}hrung in Entwurfs-, Architektur- und Integrationsmuster kann dazu verwendet werden, wiederkehrende Aufgaben in der Praxis zu implementieren.",
	isbn="978-3-8274-2487-7",
	doi="10.1007/978-3-8274-2487-7_8",
	url="https://doi.org/10.1007/978-3-8274-2487-7_8"
}

@manual{btapidoku,
	author = {Kalweit, Fabian and Schmitt, Johannes},
	title = {API Dokumentation Bustracker, Hochschule Kaiserslautern, Zweibrücken},
	date = {19.01.2018},
	year={2018}
}


